% This file was created with JabRef 2.9.2.
% Encoding: UTF-8

@ARTICLE{dvali1,
  author = {Dvali, Gia and Gomez, Cesar},
  title = {{Self-Completeness of Einstein Gravity}},
  year = {2010},
  archiveprefix = {arXiv},
  eprint = {1005.3497},
  primaryclass = {hep-th},
  reportnumber = {CERN-PH-TH-2010-082, LMU-ASC-26-10, MPP-2010-49, IFT-UAM-CSIC-10-37},
  slaccitation = {%%CITATION = ARXIV:1005.3497;%%}
}

@ARTICLE{Isi2,
  author = {Isi, Maximiliano and Mureika, Jonas and Nicolini, Piero},
  title = {{Self-Completeness in Alternative Theories of Gravity}},
  year = {2014},
  archiveprefix = {arXiv},
  eprint = {1402.3342},
  primaryclass = {hep-th},
  slaccitation = {%%CITATION = ARXIV:1402.3342;%%}
}

@ARTICLE{Isi1,
  author = {Isi, Maximiliano and Mureika, Jonas and Nicolini, Piero},
  title = {{Self-Completeness and the Generalized Uncertainty Principle}},
  journal = {JHEP},
  year = {2013},
  volume = {1311},
  pages = {139},
  __markedentry = {[sven:]},
  archiveprefix = {arXiv},
  doi = {10.1007/JHEP11(2013)139},
  eprint = {1310.8153},
  primaryclass = {hep-th},
  review = {1. ISI-Paper},
  slaccitation = {%%CITATION = ARXIV:1310.8153;%%}
}

@ARTICLE{Bleicher2013,
  author = {Nicolini, Piero and Mureika, Jonas and Spallucci, Euro and Winstanley,
	Elizabeth and Bleicher, Marcus},
  title = {{Production and evaporation of Planck scale black holes at the LHC}},
  year = {2013},
  archiveprefix = {arXiv},
  eprint = {1302.2640},
  primaryclass = {hep-th},
  slaccitation = {%%CITATION = ARXIV:1302.2640;%%}
}

@ARTICLE{NS2012,
  author = {Nicolini, Piero and Spallucci, Euro},
  title = {{Holographic screens in ultraviolet self-complete quantum gravity}},
  journal = {Adv.High Energy Phys.},
  year = {2014},
  volume = {2014},
  pages = {805684},
  archiveprefix = {arXiv},
  doi = {10.1155/2014/805684},
  eprint = {1210.0015},
  primaryclass = {hep-th},
  slaccitation = {%%CITATION = ARXIV:1210.0015;%%}
}

@UNPUBLISHED{NS2013,
  author = {Nicolini, Piero and Spallucci, Euro},
  title = {{Holographic screens in ultraviolet self-complete quantum gravity}},
  year = {2013},
  comment = {Not yet published}
}

@ARTICLE{Rizzo,
  author = {Rizzo, Thomas G.},
  title = {{Noncommutative Inspired Black Holes in Extra Dimensions}},
  journal = {JHEP},
  year = {2006},
  volume = {0609},
  pages = {021},
  archiveprefix = {arXiv},
  doi = {10.1088/1126-6708/2006/09/021},
  eprint = {hep-ph/0606051},
  primaryclass = {hep-ph},
  reportnumber = {SLAC-PUB-11864},
  slaccitation = {%%CITATION = HEP-PH/0606051;%%}
}

