% This file was created with JabRef 2.9.2.
% Encoding: UTF-8

@preprint{dvali1,
  author = {Dvali, Gia and Gomez, Cesar},
  title = {{Self-Completeness of Einstein Gravity}},
  year = {2010},
  archiveprefix = {arXiv},
  eprint = {1005.3497},
  primaryclass = {hep-th},
  reportnumber = {CERN-PH-TH-2010-082, LMU-ASC-26-10, MPP-2010-49, IFT-UAM-CSIC-10-37},
  slaccitation = {%%CITATION = ARXIV:1005.3497;%%}
}

@article{dvali2,
      author         = "Dvali, G. and Gomez, C.",
      title          = "{Minimal length and black hole area quantization}",
      journal        = "Fortsch.Phys.",
      volume         = "59",
      pages          = "579-585",
      doi            = "10.1002/prop.201100044",
      year           = "2011",
      SLACcitation   = "%%CITATION = FPYKA,59,579;%%",
}

@preprint{Isi2,
  author = {Isi, Maximiliano and Mureika, Jonas and Nicolini, Piero},
  title = {{Self-Completeness in Alternative Theories of Gravity}},
  year = {2014},
  archiveprefix = {arXiv},
  eprint = {1402.3342},
  primaryclass = {hep-th},
  slaccitation = {%%CITATION = ARXIV:1402.3342;%%}
}

@ARTICLE{Isi1,
  author = {Isi, Maximiliano and Mureika, Jonas and Nicolini, Piero},
  title = {{Self-Completeness and the Generalized Uncertainty Principle}},
  journal = {JHEP},
  year = {2013},
  volume = {1311},
  pages = {139},
  __markedentry = {[sven:]},
  archiveprefix = {arXiv},
  doi = {10.1007/JHEP11(2013)139},
  eprint = {1310.8153},
  primaryclass = {hep-th},
  review = {1. ISI-Paper},
  slaccitation = {%%CITATION = ARXIV:1310.8153;%%}
}

@preprint{Bleicher2013,
  author = {Nicolini, Piero and Mureika, Jonas and Spallucci, Euro and Winstanley,
	Elizabeth and Bleicher, Marcus},
  title = {{Production and evaporation of Planck scale black holes at the LHC}},
  year = {2013},
  archiveprefix = {arXiv},
  eprint = {1302.2640},
  primaryclass = {hep-th},
  slaccitation = {%%CITATION = ARXIV:1302.2640;%%}
}

@preprint{NS2012,
  author = {Nicolini, Piero and Spallucci, Euro},
  title = {{Holographic screens in ultraviolet self-complete quantum gravity}},
  year = {2012},
  archiveprefix = {arXiv},
  eprint = {1210.0015v2},
  primaryclass = {hep-th},
  slaccitation = {%%CITATION = ARXIV:1210.0015;%%}
}

@article{NS2013,
      author         = "Nicolini, Piero and Spallucci, Euro",
      title          = "{Holographic screens in ultraviolet self-complete quantum
                        gravity}",
      journal        = "Adv.High Energy Phys.",
      volume         = "2014",
      pages          = "805684",
      doi            = "10.1155/2014/805684",
      year           = "2014",
      eprint         = "1210.0015",
      archivePrefix  = "arXiv",
      primaryClass   = "hep-th",
      SLACcitation   = "%%CITATION = ARXIV:1210.0015;%%",
}

@misc{bardeen,
      author = "Bardeen, James Maxwell",
      title = "Non-singular general-relativistic gravitational collapse. Proceedings of the International Conference GR5, Tbilisi, USSR",
      format = "conference",
      year = {1968}
}

@ARTICLE{Rizzo,
  author = {Rizzo, Thomas G.},
  title = {{Noncommutative Inspired Black Holes in Extra Dimensions}},
  journal = {JHEP},
  year = {2006},
  volume = {0609},
  pages = {021},
  archiveprefix = {arXiv},
  doi = {10.1088/1126-6708/2006/09/021},
  eprint = {hep-ph/0606051},
  primaryclass = {hep-ph},
  reportnumber = {SLAC-PUB-11864},
  slaccitation = {%%CITATION = HEP-PH/0606051;%%}
}

% NICHT ZITIERT
%@preprint{Susskind95,
%      author         = "Susskind, Leonard",
%      title          = "{Trouble for remnants}",
%      year           = "1995",
%      eprint         = "hep-th/9501106",
%      archivePrefix  = "arXiv",
%      primaryClass   = "hep-th",
%      reportNumber   = "SU-ITP-95-1",
%      SLACcitation   = "%%CITATION = HEP-TH/9501106;%%",
%}

@article{Susskind94,
      author         = "Susskind, Leonard and Uglum, John",
      title          = "{Black hole entropy in canonical quantum gravity and
                        superstring theory}",
      journal        = "Phys.Rev.",
      volume         = "D50",
      pages          = "2700-2711",
      doi            = "10.1103/PhysRevD.50.2700",
      year           = "1994",
      eprint         = "hep-th/9401070",
      archivePrefix  = "arXiv",
      primaryClass   = "hep-th",
      reportNumber   = "SU-ITP-94-1",
      SLACcitation   = "%%CITATION = HEP-TH/9401070;%%",
}

@preprint{Giddings2014,
      author         = "Giddings, Steven B.",
      title          = "{Possible observational windows for quantum effects from
                        black holes}",
      year           = "2014",
      eprint         = "1406.7001",
      archivePrefix  = "arXiv",
      primaryClass   = "hep-th",
      SLACcitation   = "%%CITATION = ARXIV:1406.7001;%%",
}

@preprint{ScardigliCasadio2014,
      author         = "Scardigli, Fabio and Casadio, Roberto",
      title          = "{Gravitational tests of the Generalized Uncertainty
                        Principle}",
      year           = "2014",
      eprint         = "1407.0113",
      archivePrefix  = "arXiv",
      primaryClass   = "hep-th",
      SLACcitation   = "%%CITATION = ARXIV:1407.0113;%%",
}

@article{Kempf1994,
      author         = "Kempf, Achim and Mangano, Gianpiero and Mann, Robert B.",
      title          = "{Hilbert space representation of the minimal length
                        uncertainty relation}",
      journal        = "Phys.Rev.",
      volume         = "D52",
      pages          = "1108-1118",
      doi            = "10.1103/PhysRevD.52.1108",
      year           = "1995",
      eprint         = "hep-th/9412167",
      archivePrefix  = "arXiv",
      primaryClass   = "hep-th",
      reportNumber   = "DAMTP-94-105",
      SLACcitation   = "%%CITATION = HEP-TH/9412167;%%",
}

@unpublished{Knipfer2014,
	author = "Iso, M. and Knipfer, M. and {K\"{o}ppel}, S. and Mureika, J. and Nicolini, P.",
	title = "{Self-Completeness and the Generalized Uncertainty Principle in Extra Dimensions}",
	year = "2014",
	format = "in preparation",
	intype = "{to appear in}"
}

@unpublished{GUPpaedagogical,
	author = "Bleicher, M. and Dirkes, A. and Frassino, A. and Knipfer, M. and {K\"{o}ppel}, S. and Nicolini, P.",
	title = "{Black holes and the generalized uncertainty principle - a paedagogical review}",
	year = "2014",
	format = "in preparation",
	intype = "{to appear in}"
}

@preprint{AuriliaSpallucci2013,
      author         = "Aurilia, A. and Spallucci, E.",
      title          = "{Planck's uncertainty principle and the saturation of
                        Lorentz boosts by Planckian black holes}",
      year           = "2013",
      eprint         = "1309.7186",
      archivePrefix  = "arXiv",
      primaryClass   = "gr-qc",
      SLACcitation   = "%%CITATION = ARXIV:1309.7186;%%",
}

@article{AuriliaSpallucci2013b,
      author         = "Aurilia, Antonio and Spallucci, Euro",
      title          = "{Why the length of a quantum string cannot be Lorentz
                        contracted}",
      journal        = "Adv.High Energy Phys.",
      volume         = "2013",
      pages          = "531696",
      doi            = "10.1155/2013/531696",
      year           = "2013",
      eprint         = "1309.7741",
      archivePrefix  = "arXiv",
      primaryClass   = "hep-th",
      SLACcitation   = "%%CITATION = ARXIV:1309.7741;%%",
}

@preprint{Casadio:2014pia,
      author         = "Casadio, Roberto and Micu, Octavian and Nicolini, Piero",
      title          = "{Minimum length effects in black hole physics}",
      year           = "2014",
      eprint         = "1405.1692",
      archivePrefix  = "arXiv",
      primaryClass   = "hep-th",
      SLACcitation   = "%%CITATION = ARXIV:1405.1692;%%",
}

@article{N2008NCBH,
      author         = "Nicolini, Piero",
      title          = "{Noncommutative Black Holes, The Final Appeal To Quantum
                        Gravity: A Review}",
      journal        = "Int.J.Mod.Phys.",
      volume         = "A24",
      pages          = "1229-1308",
      doi            = "10.1142/S0217751X09043353",
      year           = "2009",
      eprint         = "0807.1939",
      archivePrefix  = "arXiv",
      primaryClass   = "hep-th",
      SLACcitation   = "%%CITATION = ARXIV:0807.1939;%%",
}

@article{Winstanley2011,
      author         = "Nicolini, Piero and Winstanley, Elizabeth",
      title          = "{Hawking emission from quantum gravity black holes}",
      journal        = "JHEP",
      volume         = "1111",
      pages          = "075",
      doi            = "10.1007/JHEP11(2011)075",
      year           = "2011",
      eprint         = "1108.4419",
      archivePrefix  = "arXiv",
      primaryClass   = "hep-ph",
      SLACcitation   = "%%CITATION = ARXIV:1108.4419;%%",
}

@preprint{Winstanley2007,
      author         = "Winstanley, Elizabeth",
      title          = "{Hawking radiation from rotating brane black holes}",
      year           = "2007",
      eprint         = "0708.2656",
      archivePrefix  = "arXiv",
      primaryClass   = "hep-th",
      SLACcitation   = "%%CITATION = ARXIV:0708.2656;%%",
}


@preprint{Carr2014,
      author         = "Carr, B.J.",
      title          = "{The Black Hole Uncertainty Principle Correspondence}",
      year           = "2014",
      eprint         = "1402.1427",
      archivePrefix  = "arXiv",
      primaryClass   = "gr-qc",
      SLACcitation   = "%%CITATION = ARXIV:1402.1427;%%",
}

@article{MMN2010,
      author         = "Modesto, Leonardo and Moffat, John W. and Nicolini,
                        Piero",
      title          = "{Black holes in an ultraviolet complete quantum gravity}",
      journal        = "Phys.Lett.",
      volume         = "B695",
      pages          = "397-400",
      doi            = "10.1016/j.physletb.2010.11.046",
      year           = "2011",
      eprint         = "1010.0680",
      archivePrefix  = "arXiv",
      primaryClass   = "gr-qc",
      SLACcitation   = "%%CITATION = ARXIV:1010.0680;%%",
}

@preprint{Dirkes2013,
      author         = "Dirkes, Alain R. P. and Maziashvili, Michael and
                        Silagadze, Zurab K.",
      title          = "{Black hole remnants due to Planck-length deformed QFT}",
      year           = "2013",
      eprint         = "1309.7427",
      archivePrefix  = "arXiv",
      primaryClass   = "gr-qc",
      SLACcitation   = "%%CITATION = ARXIV:1309.7427;%%",
}

@article{ReallLRR,
      author         = "Emparan, Roberto and Reall, Harvey S.",
      title          = "{Black Holes in Higher Dimensions}",
      journal        = "Living Rev.Rel.",
      volume         = "11",
      pages          = "6",
      year           = "2008",
      eprint         = "0801.3471",
      archivePrefix  = "arXiv",
      primaryClass   = "hep-th",
      SLACcitation   = "%%CITATION = ARXIV:0801.3471;%%",
}

@preprint{NFeb2012,
      author         = "Nicolini, Piero",
      title          = "{Nonlocal and generalized uncertainty principle black
                        holes}",
      year           = "2012",
      eprint         = "1202.2102",
      archivePrefix  = "arXiv",
      primaryClass   = "hep-th",
      SLACcitation   = "%%CITATION = ARXIV:1202.2102;%%",
}

@article{loopQG-review,
  title    = {Loop Quantum Gravity},
  author   = {Carlo Rovelli},
  journal  = {Living Reviews in Relativity},
  pages = {12345},
  year     = {2008},
  number   = {5},
  volume   = {11},
  keywords = {Quantum gravity, Loop quantum gravity},
  doi      = {10.12942/lrr-2008-5},
  url      = {http://www.livingreviews.org/lrr-2008-5},
  cited = {September 2014}
}

@article{BN2010,
      author         = "Bleicher, Marcus and Nicolini, Piero",
      title          = "{Large Extra Dimensions and Small Black Holes at the
                        LHC}",
      journal        = "J.Phys.Conf.Ser.",
      volume         = "237",
      pages          = "012008",
      doi            = "10.1088/1742-6596/237/1/012008",
      year           = "2010",
      eprint         = "1001.2211",
      archivePrefix  = "arXiv",
      primaryClass   = "hep-ph",
      SLACcitation   = "%%CITATION = ARXIV:1001.2211;%%",
}

@preprint{Ansoldi2008,
      author         = "Ansoldi, Stefano",
      title          = "{Spherical black holes with regular center: A Review of
                        existing models including a recent realization with
                        Gaussian sources}",
      year           = "2008",
      eprint         = "0802.0330",
      archivePrefix  = "arXiv",
      primaryClass   = "gr-qc",
      reportNumber   = "KUNS-2108",
      SLACcitation   = "%%CITATION = ARXIV:0802.0330;%%",
}

@article{Spallucci:2012xi,
      author         = "Spallucci, Euro and Smailagic, Anais",
      title          = "{Black holes production in self-complete quantum
                        gravity}",
      journal        = "Phys.Lett.",
      volume         = "B709",
      pages          = "266-269",
      doi            = "10.1016/j.physletb.2012.02.023",
      year           = "2012",
      eprint         = "1202.1686",
      archivePrefix  = "arXiv",
      primaryClass   = "hep-th",
      SLACcitation   = "%%CITATION = ARXIV:1202.1686;%%",
}

@article{cavaglia,
      author         = "Cavaglia, Marco",
      title          = "{Black hole and brane production in TeV gravity: A
                        Review}",
      journal        = "Int.J.Mod.Phys.",
      volume         = "A18",
      pages          = "1843-1882",
      doi            = "10.1142/S0217751X03013569",
      year           = "2003",
      eprint         = "hep-ph/0210296",
      archivePrefix  = "arXiv",
      primaryClass   = "hep-ph",
      reportNumber   = "MIT-CTP-3299",
      SLACcitation   = "%%CITATION = HEP-PH/0210296;%%",
}

@article{Gingrich:2010ed,
      author         = "Gingrich, Douglas M.",
      title          = "{Noncommutative geometry inspired black holes in higher
                        dimensions at the LHC}",
      journal        = "JHEP",
      volume         = "1005",
      pages          = "022",
      doi            = "10.1007/JHEP05(2010)022",
      year           = "2010",
      eprint         = "1003.1798",
      archivePrefix  = "arXiv",
      primaryClass   = "hep-ph",
      SLACcitation   = "%%CITATION = ARXIV:1003.1798;%%",
}

@preprint{Casadio:2013tza,
      author         = "Casadio, R.",
      title          = "{What is the Schwarzschild radius of a quantum mechanical
                        particle?}",
      year           = "2013",
      eprint         = "1310.5452",
      archivePrefix  = "arXiv",
      primaryClass   = "gr-qc",
      SLACcitation   = "%%CITATION = ARXIV:1310.5452;%%",
}

@article{Modesto:2011kw,
      author         = "Modesto, Leonardo",
      title          = "{Super-renormalizable Quantum Gravity}",
      journal        = "Phys.Rev.",
      volume         = "D86",
      pages          = "044005",
      doi            = "10.1103/PhysRevD.86.044005",
      year           = "2012",
      eprint         = "1107.2403",
      archivePrefix  = "arXiv",
      primaryClass   = "hep-th",
      SLACcitation   = "%%CITATION = ARXIV:1107.2403;%%",
}

@article{Modesto:2005zm,
      author         = "Modesto, Leonardo",
      title          = "{Loop quantum black hole}",
      journal        = "Class.Quant.Grav.",
      volume         = "23",
      pages          = "5587-5602",
      doi            = "10.1088/0264-9381/23/18/006",
      year           = "2006",
      eprint         = "gr-qc/0509078",
      archivePrefix  = "arXiv",
      primaryClass   = "gr-qc",
      SLACcitation   = "%%CITATION = GR-QC/0509078;%%",
}

@article{KBH2005,
      author         = "Koch, Benjamin and Bleicher, Marcus and Hossenfelder,
                        Sabine",
      title          = "{Black hole remnants at the LHC}",
      journal        = "JHEP",
      volume         = "0510",
      pages          = "053",
      doi            = "10.1088/1126-6708/2005/10/053",
      year           = "2005",
      eprint         = "hep-ph/0507138",
      archivePrefix  = "arXiv",
      primaryClass   = "hep-ph",
      SLACcitation   = "%%CITATION = HEP-PH/0507138;%%",
}

@article{Kanti2004,
      author         = "Kanti, Panagiota",
      title          = "{Black holes in theories with large extra dimensions: A
                        Review}",
      journal        = "Int.J.Mod.Phys.",
      volume         = "A19",
      pages          = "4899-4951",
      doi            = "10.1142/S0217751X04018324",
      year           = "2004",
      eprint         = "hep-ph/0402168",
      archivePrefix  = "arXiv",
      primaryClass   = "hep-ph",
      SLACcitation   = "%%CITATION = HEP-PH/0402168;%%",
}

@article{Barvinsky2003,
      author         = "Barvinsky, A.O.",
      title          = "{Nonlocal action for long distance modifications of
                        gravity theory}",
      journal        = "Phys.Lett.",
      volume         = "B572",
      pages          = "109-116",
      doi            = "10.1016/j.physletb.2003.08.055",
      year           = "2003",
      eprint         = "hep-th/0304229",
      archivePrefix  = "arXiv",
      primaryClass   = "hep-th",
      SLACcitation   = "%%CITATION = HEP-TH/0304229;%%",
}

@preprint{Barvinsky2014,
      author         = "Barvinsky, A.O.",
      title          = "{Aspects of Nonlocality in Quantum Field Theory, Quantum
                        Gravity and Cosmology}",
      year           = "2014",
      eprint         = "1408.6112",
      archivePrefix  = "arXiv",
      primaryClass   = "hep-th",
      SLACcitation   = "%%CITATION = ARXIV:1408.6112;%%",
}

@preprint{Carr2011,
      author         = "Carr, Bernard and Modesto, Leonardo and Premont-Schwarz,
                        Isabeau",
      title          = "{Generalized Uncertainty Principle and Self-dual Black
                        Holes}",
      year           = "2011",
      eprint         = "1107.0708",
      archivePrefix  = "arXiv",
      primaryClass   = "gr-qc",
      SLACcitation   = "%%CITATION = ARXIV:1107.0708;%%",
}



% G-Lump
@article{Glump,
      author         = "Dymnikova, Irina",
      title          = "{Cosmological term as a source of mass}",
      journal        = "Class.Quant.Grav.",
      volume         = "19",
      pages          = "725-740",
      doi            = "10.1088/0264-9381/19/4/306",
      year           = "2002",
      eprint         = "gr-qc/0112052",
      archivePrefix  = "arXiv",
      primaryClass   = "gr-qc",
      SLACcitation   = "%%CITATION = GR-QC/0112052;%%",
}


@preprint{Kanti2014,
      author         = "Kanti, Panagiota and Winstanley, Elizabeth",
      title          = "{Hawking Radiation from Higher-Dimensional Black Holes}",
      year           = "2014",
      eprint         = "1402.3952",
      archivePrefix  = "arXiv",
      primaryClass   = "hep-th",
      SLACcitation   = "%%CITATION = ARXIV:1402.3952;%%",
}

@article{NAug2010,
      author         = "Nicolini, Piero",
      title          = "{Entropic force, noncommutative gravity and un-gravity}",
      journal        = "Phys.Rev.",
      volume         = "D82",
      pages          = "044030",
      doi            = "10.1103/PhysRevD.82.044030",
      year           = "2010",
      eprint         = "1005.2996",
      archivePrefix  = "arXiv",
      primaryClass   = "gr-qc",
      SLACcitation   = "%%CITATION = ARXIV:1005.2996;%%",
}

@article{Hayward:2005gi,
      author         = "Hayward, Sean A.",
      title          = "{Formation and evaporation of regular black holes}",
      journal        = "Phys.Rev.Lett.",
      volume         = "96",
      pages          = "031103",
      doi            = "10.1103/PhysRevLett.96.031103",
      year           = "2006",
      eprint         = "gr-qc/0506126",
      archivePrefix  = "arXiv",
      primaryClass   = "gr-qc",
      SLACcitation   = "%%CITATION = GR-QC/0506126;%%",
}

@article{Dvali:2011aa,
      author         = "Dvali, Gia and Gomez, Cesar",
      title          = "{Black Hole's Quantum N-Portrait}",
      journal        = "Fortsch.Phys.",
      volume         = "61",
      pages          = "742-767",
      doi            = "10.1002/prop.201300001",
      year           = "2013",
      eprint         = "1112.3359",
      archivePrefix  = "arXiv",
      primaryClass   = "hep-th",
      SLACcitation   = "%%CITATION = ARXIV:1112.3359;%%",
}

% NICHT ZITIERT
%@preprint{Susskind:2012rm,
%      author         = "Susskind, Leonard",
%      title          = "{Singularities, Firewalls, and Complementarity}",
%      year           = "2012",
%      eprint         = "1208.3445",
%      archivePrefix  = "arXiv",
%      primaryClass   = "hep-th",
%      SLACcitation   = "%%CITATION = ARXIV:1208.3445;%%",
%}

@book{griffiths2009exact,
  title={Exact Space-Times in Einstein's General Relativity},
  author={Griffiths, J.B. and Podolsk{\`y}, J.},
  isbn={9781139481168},
  series={Cambridge Monographs on Mathematical Physics},
  year={2009},
  publisher={Cambridge University Press},
  address={Cambridge}
}

@book{stephani,
  title={Exact Solutions of Einstein's Field Equations},
  author={Stephani, Hans and Kramer, Dietrich and Maccallum, Malcolm and Hoenselaers, Cornelius and Herlt, Eduard},
  isbn={0521461367},
  series={Cambridge Monographs on Mathematical Physics},
  year={2003},
  publisher={Cambridge University Press},
  address={Cambridge}
}

@book{fliessbach,
  title={Allgemeine Relativit{\"a}tstheorie},
  author={Flie{\ss}bach, T.},
  isbn={9783827403575},
  series={Spektrum Lehrbuch, 5. Auflage},
  year={2006},
  publisher={Spektrum-Akademischer Vlg},
  address={Heidelberg}
}

@book{WaldGR,
  title="General Relativity",
  author="Robert M. Wald",
  publisher="The University of Chicago Press",
  address="Chicago and London",
  year="1984",
}

@book{MTW,
  title="Gravitation",
  author="Misner, Charles and Thorne, Kip and Wheeler, John",
  publisher="W. H. Freeman",
  address="New York",
  year="1973"  
}

@book{Poisson,
  title={A Relativist's Toolkit: The Mathematics of Black-Hole Mechanics},
  author={Poisson, E.},
  isbn={9781139451994},
  year={2004},
  publisher={Cambridge University Press}
}

@phdthesis{kochPhd,
  address = {Frankfurt},
  adsurl = {http://d-nb.info/98449474X/34},
  author = {Benjamin Koch},
  year={2007},
  school={Goethe-Universität},
  title={Black hole production and graviton emission in models with large extra dimensions}
}

% Master Thesis:
@mastersthesis{Antje,
  author   = {Peters, Antje},
  format   = {Master thesis},
  title    = {Determination of $\Lambda_{\overline{\text{MS}}}$ from the static quark-antiquark potential in momentum space},
  pages    = {61},
  year     = {2014},
  address  = {Frankfurt},
  school   = {Goethe-Universität},
  adsurl   = {http://d-nb.info/1051848474}
}

@bachelorthesis{Marco,
  author   = {Knipfer, Marco},
  format   = {Bachelor thesis},
  title    = {Generalized Uncertainty Principle inspired Schwarzschild Black Holes in Extra Dimensions},
  year     = {2014},
  address  = {Frankfurt},
  school   = {Goethe-Universität}
}

@preprint{WaldTeaching,
      author         = "Wald, Robert M.",
      title          = "{Teaching general relativity}",
      journal        = "Am.J.Phys.",
      year           = "2005",
      eprint         = "gr-qc/0511073",
      archivePrefix  = "arXiv",
      primaryClass   = "gr-qc",
      SLACcitation   = "%%CITATION = GR-QC/0511073;%%",
}

@incollection{tales-deSitter,
  title={Tall tales from de Sitter space},
  author={Myers, Robert C.},
  editor={Gomberoff, A. and Marolf, D.},
  booktitle={Lectures on Quantum Gravity},
  isbn={9780387249926},
  lccn={2004065095},
  series={Series of the Centro De Estudios Cient{\'\i}ficos},
  year={2006},
  publisher={Springer},
  pages={12345}
}

@article{NSS2006,
      author         = "Nicolini, Piero and Smailagic, Anais and Spallucci, Euro",
      title          = "{Noncommutative geometry inspired Schwarzschild black
                        hole}",
      journal        = "Phys.Lett.",
      volume         = "B632",
      pages          = "547-551",
      doi            = "10.1016/j.physletb.2005.11.004",
      year           = "2006",
      eprint         = "gr-qc/0510112",
      archivePrefix  = "arXiv",
      primaryClass   = "gr-qc",
      SLACcitation   = "%%CITATION = GR-QC/0510112;%%",
}

@unpublished{WagnerQFT,
	author = {Wagner, Marc},
	Institution = {Goethe-Universit{\"a}t Frankfurt},
	Howpublished = {University Lecture},
	Year = {2013},
	Title = {Quantum Field Theory II},
	format = "lecture notes"
}

% NICHT ZITIERT
%@article{Witten98,
%      author         = "Witten, Edward",
%      title          = "{Anti-de Sitter space, thermal phase transition, and
%                        confinement in gauge theories}",
%      journal        = "Adv.Theor.Math.Phys.",
%      volume         = "2",
%      pages          = "505-532",
%      year           = "1998",
%      eprint         = "hep-th/9803131",
%      archivePrefix  = "arXiv",
%      primaryClass   = "hep-th",
%      reportNumber   = "IASSNS-HEP-98-21",
%      SLACcitation   = "%%CITATION = HEP-TH/9803131;%%",
%}

@article{historyGoenner,
  title    = {On the History of Unified Field Theories},
  author   = {Hubert F. M. Goenner},
  journal  = {Living Reviews in Relativity},
  year     = {2004},
  number   = {2},
  volume   = {7},
  keywords = {history of science, unified field theories},
  doi      = {10.12942/lrr-2004-2},
  cited	   = "September 2014",
  url      = {http://www.livingreviews.org/lrr-2004-2}
}


@newspaperarticle{kamajian,
  author    = {Bekenstein, Jacob D. and Kamajian, Alfred T.},
  day       = {17},
  month     = {December},
  newspaper = {Scientific American},
  title     = {Information in the Holographic Universe},
  year      = {2005},
  pages = "...",	
  cited     = "September 2014"
}

% zum kamjian wuerd ich gern noch sagen:
% %  onlineversion = "http://www.scientificamerican.com/article/information-in-the-holographic-univ-2006-01/",
%  note = "with pictures at \url{http://www.bibliotecapleyades.net/ciencia/ciencia\_holouniverse03.htm} and \url{http://www.essentia.com/discovery/holographic\_universe.htm}"

@book{penroseBook,
  title="The large, the small and the human mind",
  author="Roger Penrose",
  publisher="Cambridge Univ. Press",
  address="Cambridge",
  year="1997",
}

@book{frolov,
  title={Black Hole Physics: Basic Concepts and New Developments},
  author={Frolov, V. and Novikov, I.D.},
  isbn={9780792351450},
  lccn={98008195},
  series={Fundamental Theories of Physics},
  year={1998},
  publisher={Springer Netherlands}
}

@article{Thiemann2007,
      author         = "Thiemann, Thomas",
      title          = "{Loop Quantum Gravity: An Inside View}",
      journal        = "Lect.Notes Phys.",
      volume         = "721",
      pages          = "185-263",
      doi            = "10.1007/978-3-540-71117-9_10",
      year           = "2007",
      eprint         = "hep-th/0608210",
      archivePrefix  = "arXiv",
      primaryClass   = "hep-th",
      reportNumber   = "AEI-2006-066",
      SLACcitation   = "%%CITATION = HEP-TH/0608210;%%",
}

@article{Thiemann2002,
      author         = "Thiemann, Thomas",
      title          = "{Lectures on loop quantum gravity}",
      journal        = "Lect.Notes Phys.",
      volume         = "631",
      pages          = "41-135",
      doi            = "10.1007/978-3-540-45230-0_3",
      year           = "2003",
      eprint         = "gr-qc/0210094",
      archivePrefix  = "arXiv",
      primaryClass   = "gr-qc",
      reportNumber   = "AEI-2002-087",
      SLACcitation   = "%%CITATION = GR-QC/0210094;%%",
}


@article{Ashtekar2004,
      author         = "Ashtekar, Abhay and Lewandowski, Jerzy",
      title          = "{Background independent quantum gravity: A Status
                        report}",
      journal        = "Class.Quant.Grav.",
      volume         = "21",
      pages          = "R53",
      doi            = "10.1088/0264-9381/21/15/R01",
      year           = "2004",
      eprint         = "gr-qc/0404018",
      archivePrefix  = "arXiv",
      primaryClass   = "gr-qc",
      SLACcitation   = "%%CITATION = GR-QC/0404018;%%",
}

@article{Reuter1996,
      author         = "Reuter, M.",
      title          = "{Nonperturbative evolution equation for quantum gravity}",
      journal        = "Phys.Rev.",
      volume         = "D57",
      pages          = "971-985",
      doi            = "10.1103/PhysRevD.57.971",
      year           = "1998",
      eprint         = "hep-th/9605030",
      archivePrefix  = "arXiv",
      primaryClass   = "hep-th",
      reportNumber   = "DESY-96-080",
      SLACcitation   = "%%CITATION = HEP-TH/9605030;%%",
}

@article{Reuter2006,
      author         = "Bonanno, A. and Reuter, M.",
      title          = "{Spacetime structure of an evaporating black hole in
                        quantum gravity}",
      journal        = "Phys.Rev.",
      volume         = "D73",
      pages          = "083005",
      doi            = "10.1103/PhysRevD.73.083005",
      year           = "2006",
      eprint         = "hep-th/0602159",
      archivePrefix  = "arXiv",
      primaryClass   = "hep-th",
      reportNumber   = "MZ-TH-06-04",
      SLACcitation   = "%%CITATION = HEP-TH/0602159;%%",
}

@article{ReuterLRR,
  title    = {The Asymptotic Safety Scenario in Quantum Gravity},
  author   = {Max Niedermaier and Martin Reuter},
  journal  = {Living Reviews in Relativity},
  year     = {2006},
  number   = {5},
  volume   = {9},
  keywords = {quantum gravity},
  doi      = {10.12942/lrr-2006-5},
  cited    = "September 2014",
  url      = {http://www.livingreviews.org/lrr-2006-5}
}

@article{spin-foam-lrr,
  title    = {The Spin-Foam Approach to Quantum Gravity},
  author   = {Alejandro Perez},
  journal  = {Living Reviews in Relativity},
  year     = {2013},
  number   = {3},
  volume   = {16},
  keywords = {Quantum gravity},
  doi      = {10.12942/lrr-2013-3},
  cited    = "September 2014",
  url      = {http://www.livingreviews.org/lrr-2013-3}
}


@article{Falls2010,
      author         = "Falls, Kevin and Litim, Daniel F. and Raghuraman, Aarti",
      title          = "{Black Holes and Asymptotically Safe Gravity}",
      journal        = "Int.J.Mod.Phys.",
      volume         = "A27",
      pages          = "1250019",
      doi            = "10.1142/S0217751X12500194",
      year           = "2012",
      eprint         = "1002.0260",
      archivePrefix  = "arXiv",
      primaryClass   = "hep-th",
      SLACcitation   = "%%CITATION = ARXIV:1002.0260;%%",
}

@preprint{Maldacena1996,
      author         = "Maldacena, Juan Martin",
      title          = "{Black holes in string theory}",
      year           = "1996",
      eprint         = "hep-th/9607235",
      archivePrefix  = "arXiv",
      primaryClass   = "hep-th",
      reportNumber   = "UMI-96-27605",
      SLACcitation   = "%%CITATION = HEP-TH/9607235;%%",
}

@book{kieferBook,
  address = {Oxford [u.a.]},
  author = {Kiefer, Claus},
  edition = {2. ed.},
  isbn = {9780199212521},
  keywords = {},
  publisher = {Oxford Univ. Press},
  series = {International series of monographs on physics},
  title = {Quantum gravity},
  volume = 136,
  year = 2007
}

@book{carroll,
  address={San Francisco},
  author={Carroll, Sean M.},
  isbn={0805387323},
  publisher={Addison Wesley},
  year=2004,
  title={Spacetime and geometry: An introduction to general relativity}
}

@preprint{SpallucciReview,
      author         = "Spallucci, Euro and Smailagic, Anais",
      title          = "{Semi-classical approach to quantum black holes}",
      year           = "2014",
      eprint         = "1410.1706",
      archivePrefix  = "arXiv",
      primaryClass   = "gr-qc",
      SLACcitation   = "%%CITATION = ARXIV:1410.1706;%%",
}



@article{Kiefer2005,
      author         = "Kiefer, Claus",
      title          = "{Quantum gravity: General introduction and recent
                        developments}",
      journal        = "Annalen Phys.",
      volume         = "15",
      pages          = "129-148",
      doi            = "10.1002/andp.200510175",
      year           = "2005",
      eprint         = "gr-qc/0508120",
      archivePrefix  = "arXiv",
      primaryClass   = "gr-qc",
      SLACcitation   = "%%CITATION = GR-QC/0508120;%%",
}

@article{miniReview,
      author         = "Bleicher, Marcus and Nicolini, Piero",
      title          = "{Mini-review on mini-black holes from the mini-Big Bang}",
      journal        = "Astron. Nachr.",
      volume         = "335",
      pages          = "605-611",
      doi            = "10.1002/asna.201412080",
      year           = "2014",
      eprint         = "1403.0944",
      archivePrefix  = "arXiv",
      primaryClass   = "hep-th",
      SLACcitation   = "%%CITATION = ARXIV:1403.0944;%%",
}

@article{Elizalde2002,
      author         = "Elizalde, Emilio and Hildebrandt, Sergi R.",
      title          = "{The Family of regular interiors for nonrotating black
                        holes with T0(0)=T1(1)}",
      journal        = "Phys.Rev.",
      volume         = "D65",
      pages          = "124024",
      doi            = "10.1103/PhysRevD.65.124024",
      year           = "2002",
      eprint         = "gr-qc/0202102",
      archivePrefix  = "arXiv",
      primaryClass   = "gr-qc",
      SLACcitation   = "%%CITATION = GR-QC/0202102;%%",
}

@preprint{Hossenfelder2004,
      author         = "Hossenfelder, Sabine",
      title          = "{What black holes can teach us}",
      year           = "2004",
      eprint         = "hep-ph/0412265",
      archivePrefix  = "arXiv",
      primaryClass   = "hep-ph",
      SLACcitation   = "%%CITATION = HEP-PH/0412265;%%",
}

@article{HossenfelderLRR,
  title    = {Minimal Length Scale Scenarios for Quantum Gravity},
  author   = {Sabine Hossenfelder},
  journal  = {Living Reviews in Relativity},
  year     = {2013},
  number   = {2},
  volume   = {16},
  keywords = {Quantum gravity, Generalized uncertainty principle, Minimal length},
  doi      = {10.12942/lrr-2013-2},
  url      = {http://www.livingreviews.org/lrr-2013-2},
  cited = {September 2014}
}

@article{Adler2001,
      author         = "Adler, Ronald J. and Chen, Pisin and Santiago, David I.",
      title          = "{The Generalized uncertainty principle and black hole
                        remnants}",
      journal        = "Gen.Rel.Grav.",
      volume         = "33",
      pages          = "2101-2108",
      doi            = "10.1023/A:1015281430411",
      year           = "2001",
      eprint         = "gr-qc/0106080",
      archivePrefix  = "arXiv",
      primaryClass   = "gr-qc",
      reportNumber   = "SLAC-PUB-8853",
      SLACcitation   = "%%CITATION = GR-QC/0106080;%%",
}

@article{AdlerSixRoutes,
      author         = "Adler, Ronald J.",
      title          = "{Six easy roads to the Planck scale}",
      journal        = "Am.J.Phys.",
      volume         = "78",
      pages          = "925-932",
      doi            = "10.1119/1.3439650",
      year           = "2010",
      eprint         = "1001.1205",
      archivePrefix  = "arXiv",
      primaryClass   = "gr-qc",
      SLACcitation   = "%%CITATION = ARXIV:1001.1205;%%",
}

@article{Balasin93,
      author         = "Balasin, Herbert and Nachbagauer, Herbert",
      title          = "{The energy-momentum tensor of a black hole, or what
                        curves the Schwarzschild geometry?}",
      journal        = "Class.Quant.Grav.",
      volume         = "10",
      pages          = "2271",
      doi            = "10.1088/0264-9381/10/11/010",
      year           = "1993",
      eprint         = "gr-qc/9305009",
      archivePrefix  = "arXiv",
      primaryClass   = "gr-qc",
      reportNumber   = "TUW-93-12",
      SLACcitation   = "%%CITATION = GR-QC/9305009;%%",
}

